%% 07_bibliography:
%  Currently populated with example citations from MQP, replace with actual citations.

@article{path_planning_snr_mqp,
    author = {Andrew Brown, Jonathan Estabrook, Brian Franklin},
    title = {Sensor Processing and Path Planning Framework for a Search and Rescue UAV Network},
    journal = {Undergraduate Major Qualifying Project No. E-project-042612-114154},
    year = {2012},
}


@misc{geomap_patent,
  title={System and Method for Collecting Data Used to Form a Geographic Information System Database},
  author={Bradshaw, Mark and Zykan, Blair J and Williams, David and Dunne, Jeremy and Clarke, Arnold B},
  year={1996},
  month=jun # "~18",
  publisher={Google Patents},
  note={US Patent 5,528,518}
}


@book{kite_book,
    author = {Maxwell Eden},
    title = {The Magnificent Book of Kites},
    publisher = {Sterling Publishing Company, Inc.},
    edition = {1},
    address = {New York NY},
    year = {2002},
}

@misc{kite_img,
    author = {Pothecary,Allan and Pothecary,Marilyn},
    title = {KiteLife},
    howpublished = {Available at \url{http://
        kitelife.com/wp-content/uploads/2012/01/i79-tidbits-04.jpg} (2016/09/26)}
}


@misc{airplane_site,
    author = {Johnson,Paul K.},
    title = {Airfield Models},
    howpublished = {Available at \url{http://airfieldmodels.com/index.html} (2016/12/04)},
    year = {2011},
}

@techreport{multicopter_dynamics,
    author = {Teppo Luukkonen},
    title = {Modeling and control of quadcopter},
    publisher = {Aalto University School of Science},
    year = {2011},
}

%Not sure if conference is correct
@conference{local_conf,
	author = {Jeril Kuriakose and Sandeep Joshi and V.I. George},
	title = {Localization in Wireless Sensor Networks: A Survey},
	year={2013},
	Conference ={CSIR Sponsored X Control Instrumentation System Conference}
}

@inbook{cyclostat_text,
    author={Zhu,Zhechen and Nandi,Asoke K.},
    title={Modulation Classification Features},
    publisher={John Wiley and Sons, Ltd},
    address={Chichester, UK},
    pages={65-80},
    keywords={high‚Äêorder statistics (HoS); modulation classification; wavelet transform; cyclic domain profile (CDP)},
    isbn={1118906497;9781118906491;},
    language={English},
}

%REMOVE IF WE DON'T MENTION MAGNETOMETER
@manual{magnetometer_data,
    organization  = {Honeywell},
    title         = {3-Axis Digital Compass IC},
    number        = {HMC5883L},
    year          = {2013},
    month         = {2},    
    note          = {Rev. E}
}

@INPROCEEDINGS{radar_conf, 
    author={S. Heunis and Y. Paichard and M. Inggs}, 
    booktitle={2011 IEEE RadarCon (RADAR)}, 
    title={Passive Radar Using a Software-Defined Radio Platform and Opensource Software toTls}, 
    year={2011},     
    pages={879-884}, 
    keywords={FM radar;object detection;passive radar;radar target recognition;radio transmitters;software radio;FM radio transmitters;USRP;air traffic;commercial passenger aircraft;opensource GNURadio software-defined radio toolkit;opensource software tools;passive radar receiver;signal processing software;target detection;universal software radio peripheral hardware platform;Clutter;Field programmable gate arrays;Frequency modulation;Passive radar;Radio transmitters;Receivers;Surveillance}, 
    doi={10.1109/RADAR.2011.5960663}, 
    ISSN={1097-5659}, 
    month={May},
}


@MastersThesis{GNR_sdr,
    author     =     {Lee K. Patton},
    title     =     {{A GNU Radio Based Software-Defined Radar}},
    school     =     {Write State University},
    year     =     {2007}
}

