@ARTICLE{paulo-jrnl, 
author={P. V. R. Ferreira and R. Paffenroth and A. M. Wyglinski and T. M. Hackett and S. G. Bil\'{e}n and R. C. Reinhart and D. J. Mortensen}, 
journal={IEEE Journal on Selected Areas in Communications}, 
title={Multiobjective Reinforcement Learning for Cognitive Satellite Communications Using Deep Neural Network Ensembles}, 
year={2018}, 
volume={36}, 
number={5}, 
pages={1030-1041}, 
doi={10.1109/JSAC.2018.2832820}, 
ISSN={0733-8716}, 
month={May},}

@INPROCEEDINGS{downey-paper,
  author = {Downey, Joseph A. and Mortensen, Dale J. and Evans, Michael A. and Briones, Janette C. and Tollis, Nicholas},
  title = {Adaptive Coding and Modulation Experiment with {NASA}'s {S}pace {C}ommunication and {N}avigation {T}estbed},
  booktitle = {34th AIAA International Communications Satellite Systems Conference},
  year = {2016},
  month = {October}
}

@STANDARD{dvbs2-standard,
  title = {Digital Video Broadcasting-Satellite-Second Generation (DVB-S2) Standard},
  howpublished = {ETSI EN 302 307},
  author = {ETSI},
  revision = {1.2.1},
  month = {August},
  year = {2009},
}

@STANDARD{c++11-standard,
title = {C++11 Standard},
howpublished = {ISO/IEC 14882:2011},
author = {ISO/IEC},
month = {September},
year = {2011},
}

@INCOLLECTION{levenberg-marquardt,
title = {Levenberg--{M}arquardt Training},
author = {Yu, H. and Wilamowski, B. M.},
edition = {2nd Edition},
year = {2012},
booktitle = {The Industrial Electronics Handbook},
}

@INPROCEEDINGS{paulo-ccaa-paper,
  author = {Ferreira, Paulo Victor R. and Paffenroth, Randy and Wyglinski, Alexander M. and Hackett, Timothy M. and Bil\'{e}n, Sven G. and Reinhart, Richard C. and Mortensen, Dale J.},
  title = {Multi-Objective Reinforcement Learning-based Deep Neural Networks for Cognitive Space Communications},
  booktitle = {1st IEEE Cognitive Communications for Aerospace Applications Workshop},
  year = {2017},
  month = {June}
}

@INPROCEEDINGS{tim-ccaa,
  author = {Hackett, Timothy M. and Bil\'{e}n, Sven G. and Ferreira, Paulo Victor R. and Wyglinski, Alexander M. and Reinhart, Richard C.},
  title = {Implementation of Space Communications Cognitive Engine},
  booktitle = {1st IEEE Cognitive Communications for Aerospace Applications Workshop},
  year = {2017},
  month = {June}
}

@STANDARD{BSD-license,
  title = {Berkeley Software Distribution},
  author = {University of California Berkeley},
  year = {1999}
}

@STANDARD{GPL-license,
  title = {GNU General Purpose License},
  author = {Free Software Foundation},
  year = {2007}
}

@STANDARD{LGPL-license,
  title = {GNU Lesser General Purpose License},
  author = {Free Software Foundation},
  year = {2007}
}

@ELECTRONIC{Torch-documentation,
	author = {Collobert, Ronan and Farabet, Clement and Kavukcuoglu, Koray and Chintala, Soumith},
	title = {Torch},
	year = {2017},
	note = {Available at \url{http://torch.ch/}}
}

@ELECTRONIC{caffe-documentation,
	author = {Jia, Yangqing and Shelhamer, Evan},
	title = {Caffe},
	year = {2017},
	organization = {Berkeley Vision and Learning Center},
	note = {Available at \url{http://caffe.berkeleyvision.org/}}
}

@ELECTRONIC{darknet-documentation,
	author = {Redmon, Joseph},
	title = {Darknet: Open Source Neural Networks in {C}},
	year = {2013--2017},
	note = {Available at \url{http://pjreddie.com/darknet/}}
}

@article{mlpack-documentation,
  title     = {{MLPACK}: A Scalable {C++} Machine Learning Library},
  author    = {Curtin, Ryan R. and Cline, James R. and Slagle, Neil P. and
               March, William B. and Ram, P. and Mehta, Nishant A. and Gray,
               Alexander G.},
  journal   = {Journal of Machine Learning Research},
  volume    = {14},
  pages     = {801--805},
  year      = {2013}
}

@ELECTRONIC{armadillo-documentation,
	author = {Curtin, Ryan and Sanderson, Conrad},
	title = {Armadillo: C++ Linear Algebra Library},
	year = {2017},
	note = {Available at \url{http://arma.sourceforge.net}}
}

@ELECTRONIC{boost-asio-library,
	author = {Kohlhoff, Chris},
	title = {Boost.{A}sio},
	year = {2016},
	note = {Available at \url{http://www.boost.org/doc/libs/1_63_0/doc/html/boost_asio.html}}
}

@ELECTRONIC{boost-serialization-library,
	author = {Ramey, Robert},
	title = {Boost.{S}erialization},
	year = {2004},
	note = {Available at \url{http://www.boost.org/doc/libs/1_63_0/libs/serialization/doc/index.html}}
}

@ELECTRONIC{snmp-get-unix,
	author = {},
	title = {SNMPGET},
	year = {2002},
	note = {Available at \url{http://www.net-snmp.org/docs/man/snmpget.html}}
}

@ELECTRONIC{unix-curl-command,
	author = {Stenberg, Daniel},
	title = {Curl},
	year = {2017},
	note = {Available at \url{https://curl.haxx.se/}}
}

@ELECTRONIC{strs-repo,
	author = {Briones, Janette C.},
	title = {{STRS} {A}pplication {R}epository},
	year = {2016},
	organization = {NASA Glenn Research Center},
	note = {Available at \url{https://strs.grc.nasa.gov/repository/}}
}

@INPROCEEDINGS{aiaa-paulo,
  author = {Ferreira, Paulo Victor R. and Paffenroth, Randy and Wyglinski, Alexander M. and Hackett, Timothy M. and Bil\'{e}n, Sven G.
			and Reinhart, Richard C. and Mortensen, Dale J.},
  title = {Multi-Objective Reinforcement Learning for Cognitive Radio--Based Satellite Communications},
  booktitle = {34th AIAA International Communications Satellite Systems Conference},
  year = {2016},
  month = {October}
}

@INPROCEEDINGS{aiaa-tim,
  author = {Hackett, Timothy M. and Bil\'{e}n, Sven G. and Ferreira, Paulo Victor R. and Wyglinski, Alexander M. and Reinhart, Richard C.},
  title = {Implementation of a Parameterized Interacting Multiple Model Filter on an {FPGA} for Satellite Communications},
  booktitle = {34th AIAA International Communications Satellite Systems Conference},
  year = {2016},
  month = {October}
}

@ARTICLE{imm-journal, 
  author={P. V. R. Ferreira and R. Paffenroth and A. M. Wyglinski}, 
  journal={IEEE Access}, 
  title={Interactive Multiple Model Filter for Land-Mobile Satellite Communications at {K}a-Band}, 
  year={2017}, 
  volume={PP}, 
  number={99}, 
  pages={1-1}, 
  keywords={Atmospheric measurements;Detectors;Land mobile radio;Mobile communication;Rain fading;Satellites;Shadow mapping;Interacting Multiple   Model;Ka-band;Kalman filter;Land mobile radio;Rain fading;Satellite communication;Shadowing}, 
  doi={10.1109/ACCESS.2017.2651742}, 
  ISSN={2169-3536}, 
  month={}
}

@INPROCEEDINGS{reinhart-paper,
  author = {Reinhart, Richard C. and Smith, Bryan K.},
  title = {Using {I}nternational {S}pace {S}tation for Cognitive System Research and Technology with Space-based Reconfigurable Software Defined Radios},
  booktitle = {International Astronautical Congress},
  year = {2015},
  month = {October}
}

@INPROCEEDINGS{sdr-arch-morlet, 
  author={C. Morlet}, 
  booktitle={2006 International Workshop on Satellite and Space Communications}, 
  title={Software radio in space segment: {A}pplications, technologies, reconfiguration management and architectures}, 
  year={2006}, 
  pages={269-270}, 
  keywords={software radio;telecommunication network management;payload architectures;reconfiguration methodology;software defined radio;space segment applications;telecommunication applications;Application software;Computer architecture;Payloads;Radio spectrum management;Repeaters;Satellite broadcasting;Software radio;Software standards;Space technology;Technology management}, 
  doi={10.1109/IWSSC.2006.256041}, 
  month={Sept},
}

@ARTICLE{reinhart-sdr,
  title={Software Defined Radio Architecture for {NASA}â€™s Space Communications},
  volume={6},
  number={7},
  journal={High Frequency Electronics},
  author={Scardelletti, Maximilian C. and Reinhart, Richard C. and Andro, Monty and Mortensen, Dale J. and Kacpura, Thomas and Smith, Carl and Liebetreu, John and Farrington, Allen},
  year={2017},
  pages={18-25}
}

@INPROCEEDINGS{dsa-shi, 
  author={Y. Shi and Y. E. Sagduyu}, 
  booktitle={2016 IEEE Conference on Communications and Network Security (CNS)}, 
  title={Spectrum learning and access for cognitive satellite communications under jamming}, 
  year={2016}, 
  pages={472-479}, 
  keywords={Markov processes;cognitive radio;decision making;jamming;radio spectrum management;satellite communication;signal detection;wireless channels;DSA decision making framework;PU;SATCOM system;SU;cognitive satellite communication;dynamic spectrum access decision making framework;jamming;offline algorithm;online algorithm;optimal spectrum sensing approach;parameter estimation;primary user;secondary user;spectrum learning;spectrum occupancy Markov model;uncertainty model;Jamming;Low earth orbit satellites;Markov processes;Satellite broadcasting;Sensors;Uncertainty;Dynamic spectrum access;LEO satellites;cognitive radio security;jamming;satellite communication;spectrum sensing;spectrum uncertainty}, 
  doi={10.1109/CNS.2016.7860538}, 
  month={Oct},
  }
  
@techreport{ta05,
     title = {{NASA} {T}echnology {R}oadmaps {TA} 5: {C}ommunications, Navigation, and Orbital Debris Tracking and Characterization Systems},
     author = {},
     year = {2015},
     institution = {NASA},
     month = {July},
}
